@book{Q,
	address = {Berlin, Heidelberg},
	series = {Springer {Series} in {Computational} {Mathematics}},
	title = {Numerical {Approximation} of {Partial} {Differential} {Equations}},
	volume = {23},
	isbn = {978-3-540-85267-4 978-3-540-85268-1},
	language = {en},
	publisher = {Springer},
	author = {Quarteroni, Alfio and Valli, Alberto},
	editor = {Graham, R. L. and Stoer, J. and Varga, R.},
	year = {1994},
	doi = {10.1007/978-3-540-85268-1},
}

