@book{Q,
  title={Numerical models for differential problems},
  author={Quarteroni, Alfio },
  volume={2},
  year={2009},
  publisher={Springer}
}